<?xml version="1.0" encoding="UTF-8"?><record xmlns="http://www.loc.gov/MARC21/slim" xmlns:cinclude="http://apache.org/cocoon/include/1.0" xmlns:zs="http://www.loc.gov/zing/srw/">
  <leader>00564nz  a2200133n  4500</leader>
  <controlfield tag="001">n  87134733 </controlfield>
  <controlfield tag="003">DLC</controlfield>
  <controlfield tag="005">19871013110345.4</controlfield>
  <controlfield tag="008">871012n| acannaab|          |a aaa ||| c</controlfield>
  <datafield tag="010" ind1=" " ind2=" ">
    <subfield code="a">n  87134733 </subfield>
  </datafield>
  <datafield tag="040" ind1=" " ind2=" ">
    <subfield code="a">ICU</subfield>
    <subfield code="c">ICU</subfield>
  </datafield>
  <datafield tag="100" ind1="1" ind2="0">
    <subfield code="a">Kalbe, Karl.</subfield>
    <subfield code="t">Neues Schweizer. Rezeptbuch für Bäcker und Konditoren</subfield>
  </datafield>
  <datafield tag="400" ind1="1" ind2="0">
    <subfield code="a">Kalbe, Karl.</subfield>
    <subfield code="t">Neues Schweizer Konditorei-Rezeptbuch für Konditoren, Bäcker, Hotels, Pensionen, Anstalten, und Private</subfield>
  </datafield>
  <datafield tag="670" ind1=" " ind2=" ">
    <subfield code="a">His Neues Schweizer Konditorei-Rezeptbuch für Konditoren, Bäcker, Hotels, Pensionen, Anstalten, und Private, 1906.</subfield>
  </datafield>
</record>